2817 4792
489 293 566 350 94

485 432 588 480 lure
611 432 816 493 positus:
861 440 909 478 et
935 445 998 478 ne
1018 428 1300 493 estquidam
1319 430 1367 474 h.
1388 427 1423 474 l.
1450 429 1533 474 ab·

489 513 642 560 solute
662 513 856 573 posituri,
890 511 973 558 sed
993 507 1368 558 commodissime
1387 507 1532 554 refer-

489 603 568 642 tur
582 593 646 642 ad
659 593 712 640 id
724 593 854 655 quod
869 590 1092 654 sequitur,
1118 590 1154 638 ω’
1173 588 1308 649 ὅμοῒοῖ
1327 589 1419 636 αἷσι.
1479 587 1527 634 S.

557 673 658 738 [16.
687 673 906 739 τρίβωνι
930 672 1021 734 ’γὰρ
1046 670 1096 721 ὃὸ
1121 670 1171 718 τὲ
1191 670 1298 721 'iduor
1321 669 1463 734 ἔςχε,
1484 685 1534 714 τι

489 756 569 802 καὶ
592 751 885 819 ἐπιτροπεῦον]
928 751 1082 799 Video
1113 766 1192 798 me
1219 748 1401 796 non‘ex
1423 763 1535 795 auc-

490 834 604 882 toris
622 842 781 880 mente
811 835 951 880 verba
984 831 1074 878 ista
1104 831 1157 876 in
1179 830 1288 878 Lat.
1324 827 1537 876 versione

489 914 760 970 reddidisse,
793 929 943 976 quum
973 927 1070 958 non
1090 910 1536 966 animadvertissem,

491 996 544 1044 «ὃ
581 996 702 1051 ihu,
733 993 920 1056 adjecto
937 992 1150 1049 articulo,
1187 991 1447 1038 necessario
1478 989 1540 1038 ad

495 1077 662 1124 Persas
682 1073 856 1131 resen-i,
895 1089 994 1120 non
1027 1073 1090 1122 ad
1122 1072 1271 1120 alium
1291 1081 1433 1133 atque
1453 1071 1540 1118 ali-

488 1173 576 1204 um
589 1156 836 1218 populum.
900 1153 1098 1202 Rectius
1113 1153 1258 1216 igitur
1279 1152 1348 1198 H.
1375 1152 1533 1212 Steph.

487 1236 540 1282 in
569 1252 653 1282 ora
683 1252 783 1282 suoe
814 1233 1055 1282 editionis:
1107 1233 1230 1281 Late
1267 1232 1394 1278 enim
1430 1246 1541 1293 pro-

486 1316 786 1379 grediebatur
817 1318 895 1362 illa
923 1331 1037 1376 gens
1068 1314 1304 1373 imperans
1337 1321 1384 1359 et
1418 1327 1541 1372 prae—

487 1397 689 1446 fecturas
707 1395 936 1448 obtinens.
1011 1394 1086 1460 S.]

561 1476 682 1524 (ΓΑΒ.
722 1475 1001 1524 CXXXV.
1043 1481 1090 1522 2.
1131 1473 1320 1528 Μηδικὸν
1354 1473 1539 1537 indic-a]

495 1555 698 1604 Dictum
719 1554 780 1602 de
799 1572 856 1603 ea
875 1555 936 1603 ad
961 1555 1164 1603 Diodori
1189 1555 1265 1602 11.
1293 1562 1338 1602 6.
1375 1555 1541 1602 Habet

496 1636 766 1685 Bn‘ssonius
800 1636 996 1684 loricam
1034 1635 1314 1699 AEgyptiam
1351 1644 1400 1682 et
1444 1643 1539 1682 sto·

491 1718 591 1767 lam
624 1717 864 1764 Medicam
904 1715 1188 1764 illustrantia
1226 1709 1471 1775 conplura,
1510 1731 1541 1762 a

491 1798 662 1862 quibus
683 1798 904 1848 abstineo.
977 1799 1134 1846 Wrss.

559 1887 604 1930 6.
634 1881 772 1928 nm}
789 1878 1050 1944 μῖσγοντιιι]
1081 1879 1233 1941 AEgre
1258 1878 1541 1928 Plutarchus

491 1961 584 2008 fert
603 1959 663 2008 de
686 1960 890 2024 Malign.
964 1959 1149 2008 Herod.
1175 1975 1222 2020 p.
1247 1963 1355 2008 857.
1371 1977 1414 2006 Β.
1441 1974 1541 2006 sce-

490 2041 568 2088 lus
587 2043 677 2088 hoc
699 2058 728 2088 a
753 2041 934 2088 Graecis
953 2040 1016 2087 ad
1041 2041 1210 2087 Persas
1227 2052 1543 2102 propagatum

489 2121 745 2182 perhiberi:
796 2130 959 2168 eontra
995 2119 1124 2166 enim
1155 2118 1377 2168 evenisse.
1450 2118 1545 2166 Sed

489 2210 676 2264 pugnat
722 2201 1080 2260 suspicionibus
1139 2208 1280 2246 testes
1331 2199 1435 2262 ejus
1475 2198 1545 2246 rei

494 2279 680 2328 omittit.
753 2281 868 2328 Non
899 2280 1044 2328 fixisse
1073 2281 1240 2326 Persas
1259 2297 1290 2326 a
1308 2280 1437 2340 turpi
1456 2281 1545 2327 hac

491 2359 680 2406 macula
724 2359 960 2417 inmunes,
1013 2361 1183 2408 Sextus
1231 2360 1547 2420 Philosophus

492 2439 741 2503 significat,
794 2441 1096 2502 HypotypoS.
1148 2441 1192 2487 I.
1246 2446 1319 2488 14.
1361 2457 1408 2502 p.
1461 2447 1537 2488 88.

498 2521 625 2568 AEvo
645 2529 803 2568 tamen
829 2521 1075 2570 Ammiani
1107 2522 1268 2568 Persae
1288 2521 1545 2582 puerilium

496 2611 769 2662 stuprorum
788 2612 1000 2662 expertes
1035 2611 1169 2650 erant
1201 2603 1282 2650 lib.
1313 2593 1563 2650 xx111.'

496 2689 542 2732 6.
617 2683 758 2731 Paria
789 2684 902 2742 fere,
935 2685 1008 2732 uti
1033 2683 1252 2731 Valesius
1280 2683 1543 2744 adscripsit,

500 2764 696 2812 Curtius
719 2765 787 2812 X.
823 2772 868 2813 3.
909 2764 1380 2825 ,wass—Herodoti
1414 2762 1544 2810 testi-

495 2845 658 2895 monio
688 2862 803 2894 usus
835 2855 906 2894 est
940 2846 1216 2903 Athenaeus,
1247 2845 1328 2892 lib.
1370 2845 1537 2893 XIII.

495 2942 536 2972 c.
565 2930 642 2976 79.
717 2927 764 2974 S.

566 2993 714 3054 cm·
739 3006 1051 3054 cxxxv1.
1101 3013 1148 3054 4.
1197 3007 1248 3053 ,ε
1297 3007 1466 3056 ω)...
1509 3006 1543 3054 3·

496 3086 690 3147 ἧγίωναι
743 3087 922 3151 ἰσχυρὴ
979 3085 1103 3151 εἶναι]
1173 3085 1298 3132 Vere
1366 3087 1539 3134 Persae.

502 3167 699 3221 Quanto
734 3165 909 3212 civium
939 3166 1089 3228 major
1125 3165 1272 3226 copia,
1314 3175 1447 3214 tanto
1478 3167 1544 3214 ci-

495 3244 650 3292 vitatis
679 3245 882 3306 amplius
910 3249 1068 3294 robur.
1153 3247 1345 3312 Legum
1375 3249 1546 3298 latores

495 3335 742 3386 propterea
795 3326 1100 3374 utilissimum
1157 3338 1441 3377 censuerunt
1494 3332 1546 3379 eo*

497 3406 789 3460 πληθύνεσθαι
811 3408 907 3460 vobs
931 3409 1015 3457 τόυ
1037 3410 1228 3458 razn-Su
1245 3410 1399 3468 οἴκους,
1422 3417 1543 3468 βλιτ-

494 3488 740 3554 βιρότιτου
754 3485 812 3544 δῖ,
837 3488 888 3536 τδ
902 3491 1130 3550 μειοῦσθαι,
1151 3505 1260 3552 quae
1271 3493 1413 3538 verba
1426 3491 1545 3540 Mu-

477 3568 618 3618 -sonii
637 3569 690 3616 in
715 3569 843 3616 Stob.
875 3570 1022 3618 Serm.
1053 3570 1324 3619 LXXIII.
1351 3587 1397 3632 p.
1427 3576 1539 3621 450.

501 3649 635 3700 Hinc
657 3646 944 3705 nazaruda
975 3651 1172 3712 praemia
1192 3660 1240 3698 et
1259 3651 1388 3710 apud
1425 3652 1541 3699 Per-

497 3745 572 3778 sas
593 3738 641 3776 et
659 3729 762 3776 aliis
781 3729 833 3776 in
854 3732 1089 3794 gentibuS,
1129 3731 1189 3778 de
1219 3731 1392 3794 quibus
1417 3733 1540 3780 Hei-

496 3809 759 3858 necciusad
773 3811 832 3859 L.
854 3813 889 3861 J
893 3812 1038 3860 uliam
1055 3821 1102 3860 et
1116 3812 1233 3878 Pap.
1256 3813 1337 3866 lib.
1363 3813 1405 3861 1.
1430 3830 1468 3861 c.
1489 3821 1533 3862 2.

497 3889 776 3939 doctissime.
852 3891 927 3940 Cl.
975 3890 1199 3940 Reiskius
1234 3894 1537 3958 conjectabat,

499 3972 570 4018 σὺ
592 3972 776 4020 τοιοῦτον
795 3971 831 4020 δ’
853 3973 1060 4034 ἑγίατιιι,
1097 3971 1241 4020 talem
1260 3986 1434 4033 autem,
1458 3977 1541 4042 qui

497 4050 673 4099 multos
701 4050 872 4100 liberos
901 4061 1126 4114 procreat,
1163 4053 1431 4106 existimant
1462 4073 1539 4108 ro-

1283 279 1875 332 ADNOTATIONES

1594 427 1789 474 bustum
1808 441 1935 474 essex
1962 434 2047 474 aut
2067 425 2121 476 τὶ
2136 425 2331 482 πολλοὺς
2351 451 2485 470 ——-
2504 426 2650 494 lexo-

1596 509 1670 572 go&
1702 504 1819 556 εἶναι.
1892 507 2197 556 Wrsa--At
2228 507 2367 556 nulla
2400 507 2479 556 hic
2511 509 2653 556 locus

1596 587 1866 651 conjectura
1904 587 2161 651 indigebat.
2247 587 2331 636 Ad
2372 604 2471 636 rem
2516 589 2657 654 quod

1596 667 1812 728 pertinet,
1850 666 1982 716 aliud
2017 668 2211 716 fortasse
2235 669 2513 732 Herodotus
2532 671 2583 716 h.
2613 669 2651 718 1.

1598 747 1849 806 spectavit3
1888 763 2060 808 nempe
2097 748 2157 796 de
2177 748 2377 799 immani
2396 749 2657 796 hominum

1600 826 1906 874 multitudine
1927 828 2153 892 cogitans,
2192 829 2245 874 in
2278 845 2373 892 qua
2402 833 2549 878 robur
2564 815 2657 877 ex-

1600 907 1771 954 ercitus
1802 911 2040 968 ponebant
2078 909 2263 956 Persae:
2307 925 2403 971 qua
2433 909 2659 956 multitu·

1602 989 1715 1036 dine
1744 989 2029 1054 gloriantem
2074 989 2483 1051 confidentemque
2524 990 2659 1036 Xer-

1603 1084 1713 1116 xem
1729 1070 1923 1134 ejusque
1938 1071 2083 1117 duces
2094 1070 2266 1131 saepius
2277 1068 2359 1118 ille
2373 1070 2426 1116 in
2440 1069 2515 1116 his
2534 1071 2659 1118 His-

1601 1150 1733 1201 toz-iis
1751 1151 1947 1200 inducit.
2022 1153 2069 1200 S.

1690 1237 1735 1282 5.
1786 1234 1878 1282 ἆτό
1921 1233 2173 1286 τινα-αἴτιος
2218 1233 2463 1298 ἀρξάμενοι]
2514 1233 2660 1282 Plato

1602 1314 1705 1360 haec
1720 1313 1883 1374 paullo
1898 1313 2123 1360 diversius
2142 1312 2378 1362 Alcibiad.
2400 1313 2443 1360 Ι.
2462 1329 2513 1374 p.
2539 1319 2653 1362 121.

1602 1411 1649 1442 E·
1696 1395 1748 1441 in
1779 1395 2019 1458 regiorum
2062 1394 2319 1442 liberorum
2357 1393 2656 1442 educatione.

1608 1475 1773 1522 Strabo
1804 1475 2035 1540 consentit
2070 1475 2189 1521 XV.
2232 1491 2279 1535 p.
2328 1479 2466 1524 1066.
2506 1492 2549 1522 n.
2582 1478 2656 1539 (p.

1605 1560 1715 1605 733.
1743 1573 1791 1604 υ.
1818 1555 1893 1604 ed.
1918 1553 2053 1616 cas.)
2080 1555 2255 1602 Nescio
2274 1564 2434 1602 autem
2453 1555 2538 1618 qui
2561 1555 2663 1604 fac-

1602 1645 1709 1684 tum
1742 1636 1817 1693 sit,
1856 1646 1912 1683 ut
1944 1635 2223 1688 ἇληθιῦισθιιι
2260 1636 2545 1694 Brissonius,
2586 1637 2663 1683 his

1601 1734 1719 1764 usus
1744 1719 1902 1780 Regu.
1934 1717 2063 1764 Pers.
2094 1718 2169 1765 II.
2199 1723 2275 1766 83.
2306 1727 2353 1764 et
2376 1723 2484 1766 103.
2511 1718 2662 1778 scrip-

1602 1799 1738 1846 serit:
1783 1799 1823 1844 si
1844 1814 1903 1844 ex
1924 1799 2205 1861 conjectura,
2243 1814 2396 1860 prave.
2426 1799 2663 1846 wass.—

1609 1879 1693 1927 Ad
1715 1880 1966 1932 riv-rotimus
1989 1879 2205 1944 intelligo
2228 1878 2391 1932 παιδός.
2466 1879 2546 1928 Sic
2567 1880 2663 1927 fre-

1604 1969 1801 2022 quenter
1824 1961 1997 2008 Noster
2018 1977 2047 2006 a
2068 1959 2242 2021 plurali
2261 1975 2461 2006 numero
2482 1959 2543 2006 ad
2565 1958 2663 2028 sin-

1606 2041 1819 2104 gularem
1842 2040 2020 2095 transit,
2046 2049 2094 2088 et
2114 2041 2215 2088 vice
2237 2055 2381 2086 versa.
2458 2040 2507 2086 S.
2608 2065 2617 2068 -

1672 2129 1718 2170 9.
1756 2121 1969 2184 μηδεμῖην
1989 2121 2119 2186 e't'o'm]
2148 2121 2241 2168 Fui
2262 2121 2315 2167 in
2336 2120 2497 2178 dubio,
2526 2136 2664 2190 Γεγο-

1608 2219 1847 2250 carem-ne
1864 2201 1993 2260 ἀηδῆ,
2012 2218 2075 2249 an
2096 2202 2325 2250 Gronovii
2338 2201 2559 2262 exemplo
2576 2219 2661 2249 ex—

1606 2285 1845 2345 pellerem.
1886 2283 2017 2330 Vicit
2034 2283 2169 2330 Med.
2182 2293 2230 2330 et
2247 2283 2367 2331 Ask.
2388 2284 2657 2330 auotoritas.

1579 2365 1737 2426 ’'Aem
1756 2365 1973 2412 librarius
1998 2364 2143 2411 Arch-
2184 2373 2231 2410 et
2255 2363 2401 2410 Vind-
2432 2365 2557 2410 bene
2578 2379 2666 2410 ex-

1607 2445 1753 2505 plicat
1772 2449 1951 2502 βλάβην
1972 2443 2097 2497 antii.
2139 2444 2203 2490 In
2228 2443 2487 2491 Clementis
2513 2443 2659 2491 Alex.

1612 2525 1805 2590 Paedag.
1838 2526 1945 2574 ΙΙΙ.
1969 2533 2013 2574 9.
2034 2540 2126 2586 pro
2147 2523 2220 2572 διὰ
2243 2524 2321 2576 τὸν
2346 2525 2471 2582 ὅσην,
2495 2534 2581 2571 aut
2602 2524 2665 2572 ad

1606 2605 1873 2670 marginem
1899 2606 2135 2656 Codicum
2167 2614 2249 2652 aut
2269 2605 2371 2666 ipso
2390 2605 2444 2650 in
2465 2614 2662 2652 contex-

1606 2696 1627 2733 t
1659 2721 1675 2744 ,
1699 2685 1770 2735 διὰ
1792 2687 1869 2738 τὴν
1901 2687 2053 2740 ἀηδίαν
2088 2686 2319 2733 dederunt
2352 2701 2411 2732 ex
2431 2685 2665 2747 interpre-

1607 2776 1829 2814 tamento.
1903 2767 2099 2825 MoeriS,
2130 2767 2246 2820 ”Aen
2265 2767 2501 2823 ’Δστιιιὸῡ
2528 2766 2664 2819 ὶηδίι

1605 2849 1895 2906 Ἐλληνικὸς,
1918 2848 2001 2896 ubi
2024 2847 2161 2908 plura
2181 2847 2255 2896 cl.
2278 2847 2357 2895 Jo.
2384 2845 2659 2895 PiersonuS.

1611 2929 1774 2992 Atque
1794 2931 1897 2977 haec
1916 2937 2145 2976 testantur
2176 2927 2236 2974 de
2272 2927 2563 2976 Critieorum
2587 2944 2666 2976 eo-

1605 3025 1716 3057 rum
1745 3025 1892 3058 more.
1957 3011 2072 3058 Non
2103 3025 2211 3056 sum
2241 3008 2441 3066 nescim,
2480 3008 2665 3057 Demo-

1608 3091 1781 3138 critum
1819 3089 2069 3150 κακοδοξῖην
2105 3090 2246 3142 κακὲ,
2266 3089 2319 3135 in
2344 3090 2471 3136 Stob.
2504 3090 2657 3139 Serm-

1612 3171 1801 3219 XXII.
1822 3186 1931 3234 pag.
1959 3175 2065 3220 189.
2088 3185 2349 3231 usurpasse,
2368 3170 2483 3216 alios
2493 3171 2590 3218 hoc
2604 3172 2663 3220 de

1607 3263 1779 3314 genere
1812 3250 1928 3300 alia:
1978 3266 2112 3312 posse
2144 3250 2286 3298 etiam
2317 3267 2403 3312 pro
2434 3250 2663 3300 damnato

1606 3330 1824 3395 pugnari,
1854 3332 2255 3394 quemadmodum
2274 3331 2326 3377 in
2351 3332 2531 3379 Horrei
2560 3333 2660 3382 Ob-

1606 3428 1724 3460 serv.
1750 3413 1811 3460 ad
1832 3412 2064 3460 Herodot.
2078 3429 2124 3474 p.
2154 3418 2258 3459 112.
2334 3413 2406 3459 At
2420 3412 2659 3474 omnibus,

1606 3503 1663 3541 ut
1682 3492 1734 3540 in
1754 3503 1915 3558 gustu,
1939 3509 2037 3540 non
2058 3491 2245 3554 sapiunt
2264 3493 2443 3541 eadem.
2516 3495 2659 3556 Spec-

1604 3574 1721 3622 tavit
1761 3576 1861 3622 haec
1906 3573 2125 3622 Valerius
2164 3573 2299 3622 Max.
2352 3575 2429 3622 11.
2479 3581 2527 3633 6,
2582 3582 2655 3626 16.

1607 3656 2097 3722 Wzsa—vgtpiptroe,
2134 3655 2233 3701 scil.
2278 3655 2403 3722 περὶ
2437 3659 2540 3720 τῇσι
2576 3678 2659 3720 yv-

1605 3737 1724 3794 ιαιξὶ,
1748 3735 1866 3782 dum
1886 3734 2015 3796 apud
2034 3733 2256 3782 mulieres
2288 3734 2531 3783 educatur.
2608 3737 2653 3784 S.

1602 3801 1605 3805 ’
1662 3818 1781 3866 cn.
1805 3815 2216 3866 CXXXV11.7.
2244 3815 2337 3865 a...
2354 3817 2654 3880 §mamm-a

1604 3897 1748 3963 ἱέντα]
1774 3897 1954 3947 Hausit
1980 3897 2093 3944 hinc
2126 3895 2357 3944 Nicolaus
2397 3896 2658 3946 Damasce-

1603 3994 1720 4027 nus:
1761 3963 1949 4045 Hieme}
1972 3977 1997 4025 δ’
2014 3979 2079 4040 μὴ
2102 3981 2231 4026 ποιεῖν
2253 3977 2428 4038 ἔξεστιν,
2466 3977 2559 4028 οὒδὶ
2578 3980 2655 4028 λί-

1604 4079 1764 4122 ‘yoven-
1806 4059 1877 4108 {ab
1896 4056 1941 4106 δί
1964 4078 2029 4114 τις
2054 4057 2231 4124 rav-iga
2264 4059 2426 4118 xvcim,
2454 4059 2655 4113 ὖπὸζλη·
