2817 4792
535 316 646 371 130

529 459 590 506 dc
616 459 824 506 Animal.
857 460 922 505 X.
952 462 1030 507 50.
1059 457 1238 505 πολλῶν
1270 448 1311 504 ἳὶ
1345 460 1411 505 iae'
1446 459 1578 506 αὖτὸν

531 540 887 602 καθαγιζομίνω
907 539 1517 599 θυμάτων-*ἓξᾶτφιταιτ
1538 549 1586 586 et

536 621 701 667 XIII.
734 625 812 668 21.
845 621 924 668 τοῦ
953 617 1164 684 ἅρματος
1199 619 1397 683 reeta-*w
1434 621 1581 681 3217„

532 702 768 763 καθήγισεν
783 703 858 749 ir)
879 701 1024 762 πυρός.
1073 700 1238 761 Junge
1265 699 1515 746 Platonem
1526 701 1578 747 in

535 781 694 838 Critian,
711 797 757 842 p.
784 787 804 827 1
818 787 890 830 19.
909 781 989 827 fin.
1013 789 1061 827 et
1081 795 1304 843 agnosces
1323 781 1575 827 Serranum

530 877 696 909 errare.
772 863 926 909 WasS.

612 945 687 992 15.
709 947 761 991 ‘O
773 942 814 990 δῖ
835 945 1015 1009 Ἀράξης
1029 944 1227 1004 roe-aptis
1249 942 1326 1007 βίη
1345 943 1436 1004 μὶν,
1460 943 1577 1008 eta]

529 1023 691 1084 Carpit
708 1026 810 1070 haec
833 1025 998 1072 Strabo
1014 1025 1112 1071 XI.
1136 1040 1182 1084 p.
1204 1029 1312 1070 803.
1363 1027 1432 1087 (p.
1461 1027 1569 1072 531.

525 1105 598 1152 ed.
645 1105 794 1166 Cas.)
831 1105 1050 1167 quaedam
1095 1105 1271 1151 Nostro
1312 1104 1573 1168 adfingens,

523 1201 727 1247 quorum
748 1185 830 1232 ille
851 1185 1173 1232 auctoritatem
1194 1185 1394 1248 defugit.
1420 1186 1573 1249 (Stra-

523 1267 659 1313 bonis
699 1269 840 1313 verba
880 1268 983 1312 haec
1019 1273 1155 1314 sunt:
1201 1267 1306 1327 φησὶ
1343 1267 1435 1330 γὰρ
1481 1269 1565 1329 (sc.

527 1346 894 1408 Herodotus)·in
918 1347 1150 1394 Ματιανὸν
1179 1346 1489 1409 αὖα-ἶν’ῥὶαντα,
1515 1348 1571 1400 εἷς

523 1429 871 1496 «ιίςητίιιριπίιιιηνιτιιΙ
883 1427 1107 1488 roeraepobe
1122 1427 1365 1488 Ιχίζιιθαι,
1390 1427 1573 1492 μερίζειν
1588 1451 1591 1458 ·

520 1505 561 1554 δὶ
587 1506 760 1559 Σκύθας
785 1506 864 1554 καὶ
887 1507 1184 1572 Βακτριανούς.
1259 1508 1390 1554 Tum
1410 1507 1572 1571 adjicit

523 1589 695 1644 Strabo,
727 1587 1061 1634 Callisthenem
1077 1587 1288 1649 'quidem
1319 1588 1371 1634 in
1401 1588 1476 1634 his
1496 1605 1569 1636 se-

521 1676 687 1716 cutum
730 1685 828 1716 esse
869 1655 1106 1716 Hei-odoti
1147 1669 1421 1730 rationem.)
1506 1671 1569 1717 In

526 1734 709 1816 Arax'is‘
719 1749 850 1796 fluvii
871 1758 978 1797 ortu
1001 1749 1223 1797 credibile
1242 1750 1311 1807 fit,
1341 1751 1566 1798 Herodo-

519 1811 743 1893 tum’eiise
775 1830 960 1877 falsum.
1038 1829 1087 1877 Si
1120 1830 1274 1877 fontes
1303 1831 1484 1878 fuerint
1515 1832 1567 1878 in

521 1910 761 1968 Matienis,
780 1919 962 1972 oportet
980 1910 1160 1958 Mediae
1174 1913 1280 1975 (aut
1301 1911 1565 1973 Armeniae)

520 1990 700 2038 flumen
721 1991 843 2038 illud
865 1993 1016 2039 detur.
1091 1991 1262 2054 Longe
1293 1998 1403 2039 vero
1416 1997 1423 2002 '
1438 2000 1568 2040 extra

519 2071 700 2118 Mediae
731 2072 850 2118 fines
896 2073 1195 2134 Massagetae,
1234 2073 1482 2120 Issedones
1520 2083 1567 2120 et

519 2151 718 2210 Scythae,
763 2165 890 2213 quos
915 2151 1128 2214 ejusdem
1171 2152 1322 2198 amnis
1367 2153 1562 2210 accolas,

519 2230 765 2277 Diodorus
817 2232 892 2278 II.
933 2237 1009 2280 43.
1057 2232 1232 2288 statuit,
1265 2233 1557 2281 habitarunt:

517 2319 744 2371 praeterea
772 2311 824 2357 in
856 2311 988 2358 omni
1022 2312 1187 2360 Media
1217 2314 1406 2360 nullum
1438 2315 1563 2376 ejus-

513 2390 646 2437 modi
689 2390 883 2448 flumen,
929 2393 1057 2454 quod
1111 2401 1182 2439 tot
1225 2393 1353 2441 ostiis
1391 2395 1563 2455 Caspio

511 2470 630 2516 mari
665 2472 910 2534 jungatur.
1003 2473 1287 2536 Congruunt
1338 2475 1563 2538 pleraque

513 2551 686 2610 omnia,
744 2553 784 2599 si
830 2553 1069 2600 Matienos
1111 2565 1296 2602 montes
1338 2557 1556 2618 excipias,

510 2632 655 2680 fluvio
682 2634 865 2698 Volgae,
889 2634 972 2696 qui
1005 2644 1053 2682 et
1083 2637 1397 2697 amplissimus
1420 2647 1467 2684 et
1486 2638 1559 2684 di-

512 2713 658 2760 versis
679 2715 838 2762 oribus
857 2713 908 2760 in
937 2716 1162 2776 Caspium
1183 2733 1314 2764 mare
1334 2731 1559 2765 exonera-

506 2804 598 2842 tur.
675 2796 811 2844 Ostia
831 2797 891 2844 ad
903 2798 1142 2860 octoginta
1155 2807 1203 2845 et
1217 2799 1435 2860 amplius»,
1450 2813 1558 2861 quae

506 2876 686 2923 insulas
737 2878 954 2940 ingentes
1009 2879 1271 2942 incingu‘nt,
1327 2890 1558 2928 memorat

514 2957 678 3017 Ampl.
701 2958 809 3004 Nic.
841 2959 1107 3004 Witsenius
1122 2959 1174 3004 in
1200 2961 1427 3006 Tartariae
1450 2961 1553 3007 De-

507 3038 758 3096 scriptione
777 3037 990 3098 Belgica,
1011 3053 1058 3097 p.
1081 3043 1188 3085 700.
1244 3038 1419 3085 Amnis
1440 3040 1556 3086 olim

514 3118 629 3172 Ros,
693 3119 806 3174 Bas,
867 3119 990 3164 Aras
1031 3119 1377 3178 adpellabatur3
1424 3121 1555 3168 unde

513 3197 791 3243 Graecorum
841 3199 1036 3262 Ἀράξὴς,
1093 3213 1188 3261 quo
1231 3200 1372 3246 etiam
1414 3201 1555 3248 titulo

510 3278 670 3338 plures
701 3277 891 3324 orientis
922 3278 1054 3325 fluvii
1082 3279 1292 3342 insignes
1319 3290 1453 3328 sunt:
1493 3282 1553 3330 de

507 3359 692 3422 quibus,
715 3359 853 3406 sicuti
874 3368 922 3407 et
942 3359 1002 3406 de
1022 3361 1112 3407 hoc
1133 3363 1292 3408 Araxe
1311 3361 1408 3408 sive
1434 3363 1551 3409 Vol-

506 3457 569 3505 ga
616 3441 778 3503 Ampl.
832 3441 1098 3489 Bouherius
1138 3441 1265 3489 Diss.
1310 3441 1545 3492 Herodot.

507 3541 606 3585 cap.
638 3530 714 3572 18.
739 3541 785 3585 p.
817 3529 925 3572 190.
963 3530 1011 3570 et
1047 3523 1175 3583 prior
1212 3539 1269 3570 eo
1306 3524 1396 3571 Th.
1447 3525 1542 3588 Sig.

510 3607 710 3656 Baierus
740 3605 792 3652 in
829 3605 1014 3668 Origin.
1059 3603 1257 3666 Scythic.
1292 3606 1547 3652 Commen-

501 3703 586 3739 tar.
613 3687 892 3748 Petropolit.
911 3688 970 3733 T.
1003 3687 1046 3733 1.
1062 3701 1108 3746 p.
1135 3692 1244 3734 393.
1290 3686 1352 3732 Id
1371 3686 1548 3734 mirum

505 3771 687 3828 accidit,
711 3768 1085 3817 animadversum
1105 3783 1202 3830 non
1245 3783 1345 3814 esse
1381 3771 1547 3816 verbo-

505 3871 629 3907 rum,
674 3853 727 3899 in
775 3847 1040 3906 Aristotelis
1087 3849 1338 3896 Meteorol.
1382 3848 1423 3894 1.
1466 3854 1540 3896 15.

509 3937 594 4000 (Τ.
620 3935 663 3980 Ι.
682 3947 791 3994 pag.
820 3931 928 3978 545.
953 3928 1025 3974 ed.
1059 3929 1145 3975 Du
1171 3929 1308 3990 Val.)
1329 3938 1565 3990 transpo.

507 4015 740 4069 sitionem,
762 4012 1033 4071 factumque
1066 4009 1198 4066 adeo,
1233 4018 1290 4056 ut
1319 4023 1449 4057 nunc
1480 4009 1547 4057 ibi

508 4097 705 4152 Araxes,
727 4093 864 4158 cujus
880 4098 1061 4153 partem
1091 4089 1304 4150 perhibet
1326 4089 1553 4146 Tanaim,

1539 4159 1593 4202 2.

1296 311 1887 361 ADNOTATIONES

1642 458 1877 506 derivetur
1896 473 1955 505 ex
1984 456 2138 505 Indiae
2168 467 2333 506 monte
2369 458 2704 522 Parapomiso‚

1639 551 1793 588 errore
1806 538 2017 586 mirifico.
2094 539 2281 586 Verum
2299 539 2578 601 Philomhi
2596 557 2708 589 ver-

1637 623 1711 677 ba,
1738 621 1815 667 καὶ
1836 621 1857 666 0¹
1878 621 2085 684 Ἀράξης·
2108 621 2265 668 τούτου
2284 619 2322 668 δ’
2345 621 2368 667 ὅ
2390 622 2553 674 Τάναϊς
2579 624 2707 670 kro-

1639 695 1848 762 σχίζκ-αι
1868 700 1992 764 μίξας
2009 700 2066 748 ὃν
2098 701 2159 752 εἷς
2182 701 2260 752 τὴν
2293 702 2487 748 Μαεῧτιν
2519 701 2703 762 λίμνην,

1637 780 1869 827 collocata·
1878 780 1995 826 olim
2008 780 2199 826 fuerant
2212 789 2319 840 post
2334 781 2534 828 Caucasi
2554 797 2705 828 mon-

1636 863 1696 908 tis
1731 861 2021 909 mentionem
2052 871 2101 909 et
2133 863 2351 910 amnium
2381 863 2495 910 inde
2528 865 2704 912 devol-

1635 943 1862 1000 ventium,
1882 951 2014 990 antes
2028 959 2170 990 voces
2189 946 2267 991 καὶ
2288 945 2309 990 ὃ
2336 945 2494 998 thim.
2572 945 2703 993 Pos-

1636 1024 1787 1071 tulare
1806 1024 1974 1070 seriem
1992 1024 2063 1070 rei
2084 1032 2132 1070 et
2152 1024 2373 1070 orationis
2395 1039 2503 1070 eam
2522 1029 2700 1074 verbo-

1635 1119 1744 1150 rum
1766 1105 1965 1150 istorum
1985 1103 2333 1166 migrationem,
2358 1097 2585 1168 agnoscet
2604 1109 2701 1169 qui

1639 1185 1983 1245 Philosophum
2028 1185 2333 1232 consuluerit.
2408 1185 2539 1232 Mihi
2582 1187 2697 1234 lon-

1633 1265 1755 1328 giori
1786 1281 1885 1312 esse
1916 1277 2015 1312 non
2046 1265 2168 1312 licet.
2210 1266 2596 1322 Wasa—Quod
2636 1269 2698 1315 de

1639 1344 1905 1392 Aristotelis
1926 1345 2031 1392 loeo
2046 1345 2197 1392 obiter
2214 1345 2563 1409 Wesselingius
2582 1362 2695 1395 mo-

1631 1425 1751 1480 nuit,
1774 1425 1825 1472 id
1844 1425 2027 1472 vellem·
2036 1441 2302 1486 expensum
2337 1441 2695 1492 excussumque

1629 1505 1783 1552 fuissev
1819 1522 1849 1552 a
1900 1506 2171 1553 doctissimo
2224 1506 2284 1554 de
2332 1495 2693 1566 satiate-‘Quin

1636 1586 1909 1647 Philosophi
1928 1591 2070 1634 verba
2090 1587 2267 1634 citante
2283 1589 2337 1633 in
2354 1587 2529 1636 Exam.
2564 1590 2687 1638 Crit-

1632 1677 1717 1715 etc.
1744 1683 1853 1731 pag.
1881 1673 1990 1718 695.
2018 1668 2103 1715 sed
2124 1668 2233 1716 satis
2264 1669 2331 1716 ibi
2351 1671 2559 1720 habente
2578 1687 2690 1718 mo-

1630 1749 1803 1806 nuisse,
1838 1762 2053 1796 errorum
2073 1749 2157 1801 illa
2188 1750 2331 1810 plena
2360 1766 2478 1797 ease.
2548 1752 2687 1799 Mihi

1628 1830 1813 1877 videtur
1852 1830 2129 1878 Aristoteles
2160 1829 2300 1876 inum
2318 1829 2443 1878 falso
2461 1832 2689 1880 nomina-

1627 1919 1733 1958 tum
1776 1928 1805 1956 a
1840 1911 2185 1958 Macedonibus
2230 1911 2447 1969 Tanaim,
2482 1915 2571 1974 qui
2608 1914 2690 1960 Ia-

1636 2000 1791 2039 xartes
1810 2001 1922 2048 erat,
1948 1991 2031 2056 (de
2063 2007 2159 2055 quo
2178 1993 2301 2039 conf.
2328 2007 2437 2054 quae
2468 1993 2591 2039 olim
2624 1994 2687 2041 ad

1632 2073 1800 2134 Polyb.
1854 2071 1921 2119 X.
1971 2077 2049 2120 48.
2096 2072 2385 2134 notavimus)
2420 2089 2543 2120 cum
2568 2089 2687 2122 vero

1631 2153 1784 2201 Tanai
1838 2153 2107 2201 confudisse
2158 2153 2509 2215 miscuisseque.
2599 2155 2684 2202 Ad

1628 2231 1818 2282 Aram-en
1863 2234 2061 2281 fluvium
2094 2234 2222 2297 quod
2264 2242 2455 2293 spectat,
2501 2234 2689 2282 Nemo

1623 2315 1699 2362 hic
1732 2325 1779 2362 et
1816 2315 1927 2363 alibi
1970 2323 2300 2370 memoratum,
2340 2313 2687 2362 diversissimas

1622 2396 1674 2442 in
1694 2405 1848 2456 partes
1866 2395 1954 2442 viri
1976 2395 2105 2442 docti
2124 2395 2363 2442 abierunt.»
2406 2394 2558 2442 Libro
2576 2395 2677 2443 Iv.

1622 2477 1816 2541 quidem
1838 2495 1938 2538 cap.
1966 2484 1986 2524 1
2001 2483 2040 2524 1.
2063 2477 2146 2525 ubi
2163 2478 2348 2538 Scythoe
2374 2473 2546 2524 Asiain
2562 2477 2682 2524 olim

1620 2559 1893 2616 incolentes»,
1927 2575 1957 2606 a
1990 2559 2272 2621 Massagetis
2302 2557 2447 2617 pulsi,
2478 2559 2681 2621 trajecto

1626 2641 1787 2686 Araxe
1808 2639 1953 2684 fluvio
1968 2638 2020 2684 in
2040 2639 2159 2686 fines
2186 2637 2559 2686 Cimmeriorum
2580 2639 2681 2686 abi·

1618 2719 1711 2766 isse
1730 2707 2055 2764 memorantur
2063 2737 2077 2776 3
2093 2718 2163 2764 ibi
2178 2710 2426 2765 Heerenio
2440 2719 2684 2766 adsentior

1624 2799 1799 2864 (idean
1820 2798 1937 2846 iiber
1964 2785 2046 2845 ‘die
2072 2798 2266 2854 Pom,
2306 2807 2397 2845 etc.
2424 2798 2513 2846 da·
2540 2799 2675 2847 aioen

1622 2881 1767 2937 Welt,
1796 2882 1854 2927 T.
1886 2881 1930 2926 Ι.
1958 2895 2065 2942 pag.
2096 2878 2483 2940 885.)vixposse
2498 2879 2561 2926 de
2580 2879 2681 2927 alio

1619 2960 1765 3007 fluvio
1790 2963 1947 3023 'quam
1990 2958 2051 3006 de
2090 2959 2267 3023 Wolga
2298 2961 2515 3022 cogitari.
2588 2961 2673 3018 At,

1618 3055 1767 3102 usque
1804 3041 1865 3088 ad
1906 3041 2131 3103 Wolgam
2162 3049 2429 3100 penem-asse
2470 3042 2671 3102 Cyrum,

1615 3136 1785 3180 parum
1806 3129 1877 3167 est
1894 3121 2161 3180 probabile:
2200 3129 2387 3181 etpost
2408 3121 2673 3170 wesselin-

1615 3201 1753 3264 gium
1770 3215 1926 3258 nem0,
1942 3201 2072 3264 quod
2088 3201 2249 3258 sciam,
2268 3199 2360 3248 nisi
2381 3201 2671 3261 Lau-chaus,

1613 3283 1743 3328 hunc
1780 3282 1985 3338 Araxen,
2021 3282 2083 3329 de
2112 3297 2209 3344 quo
2228 3283 2276 3330 h.
2302 3282 2335 3327 1.
2374 3281 2549 3344 aginat,
2582 3283 2671 3344 qui

1616 3363 1993 3425 Massagetarum
2013 3363 2132 3409 fines
2152 3379 2191 3409 a·
2206 3361 2318 3423 Cyri
2350 3362 2549 3422 imperio
2568 3363 2673 3410 dis-

1611 3443 1890 3501 terminavit,
1916 3443 2141 3506 Wolgam
2160 3443 2408 3490 intellexit.
2484 3444 2671 3492 Extant

1610 3539 1752 3585 super
1792 3525 1881 3571 hoc
1918 3524 2157 3571 Herodoti
2185 3524 2291 3570 loco
2322 3523 2671 3584 disputationes

1610 3605 1756 3652 trium
1797 3603 2193 3652 Academicorum
2233 3603 2575 3652 Pax-isiensium
2612 3605 2669 3651 in

1616 3685 1743 3732 Hist.
1764 3684 1823 3732 de
1845 3685 2038 3734 l’Aead.
2064 3685 2149 3732 des
2173 3685 2393 3744 Inscript.
2416 3686 2478 3732 T.
2504 3686 2659 3732 XVI.

1610 3781 1657 3825 p.
1674 3769 1883 3814 69—85.
1959 3765 2153 3812 Horum
2173 3779 2303 3811 unus
2326 3765 2409 3810 De
2422 3765 2475 3812 la
2494 3766 2669 3813 Name

1610 3863 1655 3907 p.
1676 3853 1739 3896 69
1756 3861 1881 3909 seqq.
1910 3844 2165 3902 contendit,
2188 3853 2237 3892 et
2256 3844 2349 3901 hic,
2374 3853 2425 3892 et
2452 3846 2547 3892 IV.
2576 3851 2659 3892 11.

1608 3936 1656 3974 et
1691 3928 1785 3974 IV.
1810 3931 1892 3974 40.
1918 3925 2207 3988 ubicumque
2242 3926 2441 3972 Amen
2460 3925 2667 3972 fluvium

1613 4007 1891 4055 Herodotus
1908 4015 2153 4063 memorat,
2188 4005 2383 4052 nullum
2414 4006 2561 4052 alium
2598 4010 2667 4054 ab

1606 4103 1664 4135 eo
1684 4087 1793 4146 dici,
1816 4087 1909 4134 nisi
1944 4087 2185 4136 Armeniae
2204 4085 2426 4144 fluvium,
2459 4101 2671 4150 geogra-
