2817 4792
497 359 575 420 72

495 511 544 548 et
579 513 722 547 suum
753 498 842 546 sibi
875 489 1152 542 narrationis
1187 503 1339 552 genus
1367 485 1533 534 habuit

498 591 754 652 AEschylus
772 590 824 636 in
849 588 1006 636 Persis
1033 601 1077 630 v.
1106 587 1212 632 770.
1253 581 1423 642 Itaque
1444 594 1529 638 op-

494 673 564 720 tio
582 671 734 719 datur.
763 669 922 717 Wnss.

559 755 605 800 '7-
633 753 708 799 ἱπ·
731 751 834 798 ἴτω.
849 744 985 797 'usnam
999 746 1076 794 καὶ
1089 741 1374 806 mvn-adem]
1397 741 1523 787 Haec

494 843 542 880 et
561 847 669 895 quae
687 829 946 878 succedunt
964 825 1206 874 Diodorus
1225 821 1432 882 adripuit
1444 821 1525 868 lib.

498 913 573 960 ῙῘ.
600 917 678 960 32.
705 910 789 958 sed
808 909 966 956 minus
983 906 1240 968 prudenter
1252 911 1299 950 et
1319 901 1533 950 conside-

493 1003 607 1050 rate,
661 991 798 1038 sicuti
850 989 916 1036 ibi
988 993 1390 1034 conmonstratum
1443 991 1526 1028 est.

497 1070 1033 1121 wne—Herodotum
1070 1081 1182 1114 cum
1219 1063 1376 1127 Ctaeia
1405 1061 1533 1108 aliis-

491 1169 600 1216 que,
621 1152 704 1215 qui
730 1151 1030 1212 Assyriorum
1063 1145 1260 1205 imperio
1282 1141 1535 1208 (referente

497 1233 644 1282 Diod.
685 1230 867 1291 Siculo)
891 1227 1188 1276 durationem
1213 1230 1350 1272 1506.
1381 1239 1531 1270 anno-

493 1329 604 1362 rum
621 1313 851 1367 tribuunt,
885 1310 936 1355 in
968 1305 1267 1356 concordiam
1297 1303 1527 1366 redigere,

493 1403 600 1454 post
630 1393 746 1440 alios
779 1391 940 1437 doctos
959 1389 1096 1444 viros„
1144 1389 1370 1450 (quorum
1413 1398 1533 1430 non-

493 1473 653 1520 nullos
671 1471 814 1519 etiam
848 1469 1098 1517 Harlesius
1127 1466 1188 1514 ad
1223 1465 1357 1513 Fabr.
1399 1463 1527 1512 Bibl.

501 1553 587 1601 Gr.
611 1553 669 1600 T.
696 1551 770 1598 11.
791 1567 837 1611 p.
857 1537 952 1597 742
967 1564 1060 1612 seq.
1076 1545 1306 1608 laudavit)
1327 1547 1533 1594 Lar-che-

495 1651 580 1684 rus
601 1633 783 1680 studuit
801 1633 854 1678 in
877 1631 1018 1678 Notis
1032 1629 1094 1676 ad
1112 1630 1160 1674 h.
1181 1628 1215 1675 1.
1242 1629 1381 1676 Conf.
1409 1627 1534 1689 ejus-

495 1715 607 1762 dem
654 1712 1021 1774 chronologiam
1067 1709 1301 1757 Herodot.
1345 1723 1392 1768 p.
1442 1712 1535 1754 144

495 1811 620 1858 seqq.
647 1793 824 1842 scilicet
839 1800 1064 1848 statuens,
1102 1789 1308 1837 ctesiam
1330 1788 1535 1851 antiqui-

493 1886 640 1924 tatem
659 1875 806 1938 hujus
833 1871 1020 1933 imperii
1040 1887 1070 1918 a
1086 1871 1250 1931 primis
1281 1871 1418 1933 regni
1439 1869 1535 1930 pri-

494 1955 702 2012 mordiis,
723 1955 846 2002 intra
866 1961 990 2001 artos
1019 1951 1193 1998 limites
1213 1950 1439 2008 conclusi,
1460 1966 1535 1998 re-

493 2037 705 2098 petiisse3
742 2034 1048 2082 Herodotum
1077 2047 1188 2079 vero
1219 2035 1280 2079 ab
1321 2046 1379 2077 eo
1409 2039 1535 2078 tem-

494 2132 608 2177 pore
628 2131 722 2178 quo
741 2115 888 2162 totius
913 2113 1042 2160 Asiae
1061 2111 1260 2172 imperio
1279 2127 1415 2174 reges
1442 2112 1535 2158 As-

493 2197 629 2258 syriae
648 2195 785 2256 potiti
812 2203 938 2241 sunt.
1018 2195 1189 2255 Volney
1221 2199 1398 2248 contra,
1431 2201 1537 2251 post

493 2277 690 2339 longam
724 2273 1104 2334 disputationem,
1159 2287 1254 2334 qua
1298 2271 1536 2320 Herodoti

495 2355 640 2402 tidem
675 2355 943 2402 historicam
979 2367 1090 2400 cum
1124 2368 1180 2400 ea
1215 2367 1322 2415 quae
1363 2353 1535 2400 Ctesiae

490 2433 743 2482 tribuenda
805 2441 888 2487 est,
954 2431 1210 2488 contendit,
1279 2432 1529 2495 (Chronol.

495 2513 809 2570 d'Herodote,
830 2528 878 2573 p.
906 2517 970 2560 85
1001 2511 1154 2574 seqq.)
1189 2511 1250 2559 ad
1269 2521 1535 2560 extremum

494 2593 689 2658 colligit,
715 2593 796 2660 (ib.
824 2610 871 2654 p.
905 2599 996 2643 189
1011 2593 1134 2656 seq.)
1165 2609 1392 2657 perquam
1413 2596 1534 2642 veri-

494 2679 646 2726 simile
669 2695 782 2736 mse,
806 2677 1270 2736 consulto.Ctesiam,
1294 2693 1390 2742 quo
1416 2679 1533 2726 Per-

493 2759 556 2807 sis
575 2760 928 2823 gratificaretur,
963 2759 1260 2810 durationem
1297 2759 1535 2821 Assyriaci

491 2841 691 2902 imperii,
715 2842 852 2905 cujus
881 2840 933 2887 in
960 2841 1072 2904 jura
1108 2839 1266 2888 Persae
1297 2857 1534 2889 successe-

492 2931 620 2981 runt,
641 2923 901 2969 immanem
929 2921 1076 2968 istum
1106 2921 1158 2967 in
1189 2922 1388 2969 modum
1416 2938 1534 2970 aux-

492 3003 596 3049 isse.
666 3003 796 3049 Novi
828 3001 1071 3063 quidpiam
1107 3001 1185 3048 hic
1226 3001 1423 3050 molitus
1464 3013 1535 3050 est

499 3085 557 3130 G.
585 3083 829 3142 Bruining
858 3081 910 3126 iu
947 3081 1083 3127 Actis
1118 3081 1284 3128 Societ-
1325 3082 1529 3145 Traject.

495 3161 556 3208 T.
587 3160 662 3207 11.
704 3177 752 3220 p.
777 3165 868 3208 162
889 3175 982 3222 seq.
1009 3161 1193 3224 (Lugd.
1225 3163 1328 3209 Bat-
1363 3163 1531 3226 1795.)

491 3241 590 3302 qui,
617 3240 1162 3308 Ctesiaelmendaciorum
1193 3243 1378 3290 nullam
1400 3259 1533 3305 pror..

489 3335 570 3368 sus
589 3320 818 3368 rationem
836 3321 1102 3369 habendam
1113 3337 1322 3382 censens,
1344 3333 1533 3373 tentum

490 3404 619 3450 abest
651 3411 706 3450 ut
733 3403 866 3466 justo
902 3403 1136 3451 minorem
1173 3405 1408 3453 existimet
1440 3422 1531 3454 nu-

486 3501 674 3532 merum
694 3501 794 3532 nxx
815 3499 1065 3542 annorum,
1099 3501 1242 3548 quem
1261 3485 1339 3534 hic
1358 3490 1534 3536 habent

492 3565 755 3614 Herodotei
774 3566 898 3624 libri,
932 3574 988 3613 ut
1018 3567 1174 3614 multo
1205 3567 1346 3615 etiam
1378 3571 1531 3633 majo-

486 3663 589 3694 rem
633 3663 732 3694 esse
773 3648 861 3694 sibi
918 3649 1211 3708 persuaserit.
1285 3649 1394 3698 Scil.
1444 3666 1531 3711 pro

488 3735 616 3773 certo
629 3741 832 3780 sumens,
849 3729 1205 3778 Semiramidem
1217 3729 1364 3788 issam,
1383 3747 1529 3794 quam

488 3805 662 3855 Noster
681 3822 722 3854 c.
763 3811 870 3853 184.
908 3810 1115 3872 quinque
1147 3811 1529 3875 generatiom'bus

485 3895 598 3933 ante
619 3885 839 3934 Nitocrin
860 3887 1026 3936 vixisse
1047 3891 1126 3948 ait,
1147 3891 1293 3940 fuisse
1321 3893 1527 3954 primam

492 3967 698 4028 Assyriae
727 3967 955 4032 reginam,
993 3969 1111 4017 Nini
1143 3986 1356 4031 uxorem,
1387 3974 1524 4037 regni

485 4047 762 4106 conditoris3
800 4065 896 4112 quo
927 4065 1089 4098 secum
1119 4052 1218 4112 ipse
1248 4053 1525 4101 concilietur

489 4127 779 4189 Herodotus,
803 4132 964 4180 statuit
995 4147 1248 4184 numerum
1269 4149 1519 4191 annorum,

1258 334 1846 390 ADNOTATIONES

1596 489 1679 552 qui
1708 490 1757 535 h.
1793 489 1825 534 1.
1870 488 2103 536 durationi
2134 488 2271 552 regni
2296 489 2535 550 Assyriaci
2556 491 2646 537 tri-

1595 573 1773 629 buitur,
1827 587 1911 631 per
1950 569 2247 618 liba-ariorum
2288 570 2386 617 sive
2434 585 2648 617 errorem

1597 654 1693 700 sive
1734 651 2043 700 temeritatem
2092 649 2451 714 quadringentis
2502 645 2651 697 annis

1596 743 1791 782 auctum
1831 733 2003 791 fiiisse;
2058 731 2291 792 scripsisse
2336 731 2651 778 Herodotum

1598 815 1702 864 fem
1725 823 1863 872 ΗΔΔ,
1902 814 1953 861 id
1974 823 2057 871 est,
2094 813 2222 860 εἴκοσι
2244 813 2323 860 καὶ
2346 813 2514 868 ἔκαε-ὂν,
2556 827 2650 859 an-

1597 917 1685 948 nos
1706 915 1826 956 0¹¹3
1864 896 1977 944 inde
1996 894 2105 941 illos
2124 893 2289 941 fecisse
2308 894 2415 940 ἵει-ιιι
2438 888 2512 960 [Ξῖ]
2540 905 2646 954 ΛΔ,

1597 981 1648 1028 id
1671 990 1755 1038 est,
1788 995 1937 1026 annos
1968 991 2079 1024 nxx.
2155 977 2307 1038 Cujus
2339 977 2534 1039 quidem
2568 978 2651 1024 in-

1596 1063 1725 1111 venti
1764 1060 1959 1108 laudem
1994 1075 2091 1106 non
2132 1057 2401 1106 invidemus
2442 1058 2645 1106 auctori.

1602 1145 1649 1193 S.

1656 1227 1773 1274 CAP.
1796 1225 1997 1273 XCVI.
2015 1230 2061 1271 4.
2080 1225 2202 1278 offa-05
2218 1225 2239 1272 ὅ
2253 1223 2474 1288 Δηΐὸκης]
2496 1223 2655 1272 Deio-

1598 1323 1702 1355 cem
1738 1321 1836 1354 non
1858 1289 2101 1367 ‘praeteriit
2139 1304 2395 1366 Poiyaenns
2441 1305 2648 1368 Strateg.

1599 1389 1726 1436 VII.
1768 1395 1809 1435 1.
1847 1403 2013 1434 verum
2042 1387 2249 1450 vestigiis
2278 1386 2480 1433 aliorum
2510 1384 2657 1433 insis-

1595 1479 1714 1518 tens.
1790 1470 2027 1524 Quaenmt
2044 1467 2171 1515 docti
2190 1464 2279 1513 viss
2307 1467 2528 1514 idem-ne
2540 1467 2657 1515 fue-

1596 1552 1660 1598 rit
1696 1567 1751 1598 ac
1794 1549 2123 1609 ArphaxaduS,
2169 1549 2307 1612 cujus
2342 1549 2395 1594 in
2432 1547 2655 1596 Judithae

1596 1631 1847 1679 historiae.
1884 1637 1923 1678 1.
1961 1621 2191 1677 memoria
2222 1616 2469 1686 duratsan
2496 1627 2657 1676 Phra-
2748 1643 2750 1646 ⁴

1598 1721 1721 1760 ortes
1761 1712 1935 1772 potius,
1990 1710 2292 1772 Conringius,
2340 1709 2656 1757 Montfaueo-

1599 1794 1735 1850 nius‚‘
1751 1792 2013 1840 Prideaux:
2055 1791 2115 1839 de
2145 1805 2239 1853 qua
2258 1787 2343 1838 lite
2366 1789 2659 1838 Schme‘erus

1606 1873 1739 1937 Orig.
1772 1875 1936 1934 Assyr.
1964 1881 2073 1919 sect.
2106 1871 2199 1918 IV.
2229 1874 2274 1919 5.
2302 1880 2389 1918 etc.
2416 1879 2465 1917 et
2486 1871 2656 1918 Leon..

1604 1956 1859 2002 Offerhaus
1905 1953 2122 2016 Spicileg.
2171 1951 2299 1999 Hist.
2352 1951 2651 2016 chronolog.

1597 2053 1645 2096 p.
1676 2039 1783 2084 145.
1812 2035 2014 2098 egregie.
2086 2033 2245 2082 Wnss.

1668 2121 1743 2164 11.
1782 2117 1866 2170 ἰθύς
1902 2135 1950 2164 τι
1984 2115 2061 2163 καὶ
2094 2113 2253 2167 δίκαιος
2290 2112 2361 2179 οἷν]
2397 2113 2529 2160 Ecce
2563 2113 2659 2161 fibi

1571 2196 1575 2199 ’
1599 2198 1967 2246 observationem
1987 2196 2113 2243 docti
2132 2195 2235 2252 viri,
2271 2194 2401 2242 Petri
2424 2193 2655 2251 Fontein,

1598 2278 1678 2326 cui
1701 2277 2009 2338 Theophrasti
2033 2277 2369 2326 characterum
2399 2274 2657 2323 cultiorem

1598 2358 1851 2407 editionem
1870 2358 2001 2407 brevi
2032 2356 2320 2405 debebimus.
2362 2343 2370 2349 ⁹
2396 2357 2568 2412 Quum
2589 2355 2659 2403 de

1590 2440 1753 2503 judice
1784 2455 1937 2488 sermo
1967 2439 2041 2496 sit,
2073 2438 2305 2486 idem*oet
2334 2453 2403 2494 ac,
2440 2438 2547 2485 70⁸7.
2566 2435 2661 2485 135-

1596 2523 1708 2582 καζι
1728 2547 1739 2576 ³
1772 2521 1937 2569 eadem
1955 2519 2135 2568 ratione
2159 2519 2417 2575 HomeruS,
2441 2519 2563 2576 ι’θιῒε,
2588 2528 2657 2575 et,

1597 2603 1635 2654 ἔς
1658 2602 1785 2662 μίτον
1806 2584 2096 2668 dadastenae,
2140 2599 2239 2661 μῆδ·
2272 2601 2345 2647 ἔτ’
2374 2601 2545 2665 beavi,
2590 2598 2657 2646 δι-

1598 2676 1761 2742 ιέζιιῦ,
1796 2682 1935 2729 Iliad.
1965 2681 2043 2729 φ’.
2073 2685 2183 2730 574.
2212 2689 2262 2727 ετ
2281 2683 2390 2728 580.
2466 2679 2519 2726 Si
2539 2694 2659 2727 vero

1596 2762 1941 2820 animadvertis,
1972 2777 2060 2822 pro
2082 2761 2165 2813 ι’ϊὺς
2188 2751 2378 2808 ⁴Atticos
2396 2761 2487 2806 hoc
2508 2775 2655 2807 sensu

1597 2843 1769 2891 dixisse
1788 2841 1891 2901 Teu,
1924 2843 2003 2890 vix
2041 2842 2242 2890 dubium
2273 2840 2375 2897 erit,
2398 2839 2519 2902 quin
2542 2839 2655 2888 He-

1595 2926 1789 2974 rodotus
1810 2925 1862 2972 in
1882 2933 2043 2972 mente
2060 2922 2276 2970 habuerit
2293 2920 2417 2968 illud
2442 2921 2653 2980 Solonis,

1599 3006 1651 3054 «νδ
1670 3006 1757 3054 ἳσόν
1790 3008 1978 3068 waiam„
2011 3007 2057 3053 οὗ
2090 3009 2210 3061 roasi}
2251 3001 2501 3050 laudatum
2528 3001 2654 3050 Plu-

1596 3089 1757 3134 tarcho
1776 3087 1828 3133 in
1844 3088 1945 3150 ejus
1962 3086 2062 3133 vit.
2084 3101 2192 3148 pag.
2216 3087 2293 3132 85.
2314 3100 2363 3130 n.
2438 3083 2561 3130 Huc
2578 3083 2654 3130 ui-

1595 3168 1773 3214 mirum
1810 3175 2035 3227 spectant,
2070 3181 2191 3229 quae,
2226 3163 2390 3225 paullo
2420 3171 2546 3220 ante,
2590 3164 2647 3228 (l.

1596 3250 1671 3309 8.)
1694 3248 1757 3296 de
1787 3247 1955 3295 eodem
1990 3245 2185 3302 Deioce‚
2216 3247 2371 3301 habet,
2404 3245 2651 3305 innuim-

1596 3349 1657 3380 voe
1680 3327 1747 3376 ἴση
1769 3331 1833 3390 er&
1854 3326 2005 3390 δικαίῳ
2027 3329 2078 3377 ez
2103 3327 2249 3374 aanor
2280 3325 2487 3388 maipa·
2522 3327 2616 3374 ieet
2630 3345 2644 3372 ε

1593 3425 1652 3456 ex
1675 3409 1847 3472 quibus
1860 3418 2020 3457 tamen
2034 3409 2187 3456 verbis
2198 3407 2383 3464 vitium,
2406 3406 2539 3469 quod
2556 3406 2649 3454 illis

1592 3491 1803 3547 inhaeret,
1837 3491 2105 3538 tollendum
2142 3497 2225 3536 est.
2314 3488 2486 3542 Quum
2517 3487 2647 3534 enim

1596 3571 1873 3619 Herodotus
1912 3569 2163 3617 manifesto
2212 3567 2461 3632 significet,
2516 3569 2647 3615 hunc

1591 3651 1815 3708 δικαστὴν,
1838 3654 1983 3712 probe
2004 3665 2209 3714 gnarum
2230 3650 2368 3706 (πίνω,
2407 3651 2469 3696 ab
2490 3649 2641 3712 injus-

1590 3733 1651 3780 tis
1674 3731 1917 3796 judicibus
1948 3740 2153 3788 vexatoS,
2191 3730 2361 3777 iisdem
2392 3729 2530 3778 reddi
2566 3730 2639 3776 in-

1588 3813 1761 3872 fensoS,
1791 3812 2025 3876 justitiam
2056 3815 2321 3860 observasse
2352 3825 2467 3858 eum
2498 3811 2551 3858 in
2582 3811 2639 3858 fi-

1589 3909 1715 3950 nem,
1754 3909 1818 3941 ne
1848 3893 1956 3956 quis
1986 3909 2099 3956 erga
2118 3909 2183 3950 se,
2223 3891 2286 3940 ad
2316 3907 2525 3954 regnum
2556 3891 2641 3938 ad-

1586 3974 1855 4035 spirantem,
1872 3973 2039 4020 odium
2053 3973 2346 4034 conciperet3
2369 3971 2537 4034 liquet,
2560 3985 2639 4018 me

1585 4054 1780 4118 quidem
1810 4053 1997 4110 affluo,
2034 4053 2295 4118 legendum
2326 4069 2442 4110 esse,
2477 4051 2547 4100 ὅτι
2578 4055 2637 4120 τῇ

1587 4133 1733 4202 ὶῖυιῖῃ
1746 4133 1798 4186 τὶ
1812 4132 2071 4196 &adparat
2084 4134 2289 4199 «empsi-
2304 4136 2410 4184 ἷκε.
2464 4133 2636 4200 Neque
